@article{Ory2004-yy,
 author = {Ory, Jeramia J},
 journal = {Nature},
 month = {June},
 number = {6993},
 pages = {788},
 publisher = {Nature Publishing Group},
 title = {Scientists and societies. Two-body problem},
 volume = {429},
 year = {2004}
}

