@article{Bose2003-fd,
 author = {Bose, Indrani and Reese, Amy J and Ory, Jeramia J and Janbon,
Guilhem and Doering, Tamara L and Bose, I and Reese, A and Ory, J
J and Janbon, G and Doering, T L},
 journal = {Eukaryot. Cell},
 keywords = {Cell Wall; Cryptococcus neoformans; Extracellular Matrix;
Polysaccharides; Signal Transduction},
 month = {August},
 number = {4},
 pages = {655--663},
 title = {A yeast under cover: the capsule of Cryptococcus neoformans},
 volume = {2},
 year = {2003}
}

