@article{McClelland2013-zd,
 abstract = {Abstract Cryptococcus neoformans (Cn) is a pathogenic yeast and
the cause of cryptococcal meningitis. Prevalence of disease
between males and females is skewed, with males having an
increased incidence of disease. Based on the reported gender
susceptibility ...},
 author = {McClelland, Erin E and Hobbs, Letizia M and Rivera, Johanna and
Casadevall, Arturo and Potts, Wayne K and Smith, Jennifer M and
Ory, Jeramia J},
 journal = {PLoS One},
 month = {May},
 number = {5},
 pages = {e63632},
 publisher = {Public Library of Science},
 title = {The Role of Host Gender in the Pathogenesis of Cryptococcus
neoformans Infections},
 volume = {8},
 year = {2013}
}

