@article{Burkhardt2006-rp,
 author = {Burkhardt, Kyle and Ory, Jeramia J and Schneider, Bohdan and
Ory, Jeramia J and Burkhardt, Kyle and Schneider, Bohdan},
 journal = {PLoS Comput. Biol.},
 month = {October},
 number = {10},
 pages = {e99},
 publisher = {Public Library of Science},
 title = {A biocurator perspective: annotation at the Research
Collaboratory for Structural Bioinformatics Protein Data Bank},
 volume = {2},
 year = {2006}
}

