@article{Ory2008-mx,
 author = {Ory, Jeramia and Ory, Jeramia},
 journal = {PDB Newsletter},
 month = {January},
 title = {Moving Pictures: Using Chimera to make molecular multimedia for
the classroom},
 year = {2008}
}

